@inproceedings{franklin2013lambdaficator,
  title={LambdaFicator: From Imperative to Functional Programming through Automated Refactoring},
  author={Franklin, Lyle and Gyori, Alex and Lahoda, Jan and Dig, Danny},
  booktitle={Proceedings of the 2013 International Conference on Software Engineering},
  pages={1287--1290},
  year={2013},
  organization={IEEE Press},
  note={Formal Demonstration}
}
@inproceedings{gyori2013crossing,
  title={Crossing the gap from imperative to functional programming through refactoring},
  author={Gyori, Alex and Franklin, Lyle and Dig, Danny and Lahoda, Jan},
  booktitle={Proceedings of the 2013 9th Joint Meeting on Foundations of Software Engineering},
  pages={543--553},
  year={2013},
  organization={ACM}
}
@misc{lambda2011state,
  title={State of the Lambda},
  booktitle={Lambda Design Specification},
  url={http://cr.openjdk.java.net/~briangoetz/lambda/lambda-state-4.html}
}
@misc{java8functionalinterfaces,
  title={Functional Interfaces},
  booktitle={Java Language Specification},
  url={http://docs.oracle.com/javase/specs/jls/se8/html/jls-9.html#jls-9.8}
}
@misc{java8lambda,
  title={Lambda Expressions},
  booktitle={Java Language Specification},
  url={http://docs.oracle.com/javase/specs/jls/se8/html/jls-15.html#jls-15.27}
}
@inproceedings{pankratius2012combining,
  title={Combining functional and imperative programming for multicore software: an empirical study evaluating Scala and Java},
  author={Pankratius, Victor and Schmidt, Felix and Garret{\'o}n, Gilda},
  booktitle={Proceedings of the 2012 International Conference on Software Engineering},
  pages={123--133},
  year={2012},
  organization={IEEE Press}
}
@misc{java5for,
  title={Quick-assist to convert for to enhanced-for},
  booktitle={Eclipse},
  url={http://archive.eclipse.org/eclipse/downloads/drops/R-3.1-200506271435/eclipse-news-all.html#part2}
}
@article{bocchino2009type,
  title={A type and effect system for deterministic parallel Java},
  author={Bocchino Jr, Robert L and Adve, Vikram S and Dig, Danny and Adve, Sarita V and Heumann, Stephen and Komuravelli, Rakesh and Overbey, Jeffrey and Simmons, Patrick and Sung, Hyojin and Vakilian, Mohsen},
  journal={ACM Sigplan Notices},
  volume={44},
  number={10},
  pages={97--116},
  year={2009},
  publisher={ACM}
}
@inproceedings{radoi2013practical,
  title={Practical static race detection for Java parallel loops},
  author={Radoi, Cosmin and Dig, Danny},
  booktitle={Proceedings of the 2013 International Symposium on Software Testing and Analysis},
  pages={178--190},
  year={2013},
  organization={ACM}
}
